% Encoding: UTF-8

@Misc{twython,
  author       = {Ryan McGrath},
  title        = {Twython 3.4.0 documentation},
  howpublished = {Web Site},
  year         = {2013},
  note         = {Accessed on 11/05/2017},
  url          = {https://twython.readthedocs.io/en/latest/index
  .html},
}

@Misc{twitter14,
  author       = {Steven Bird, Ewan Klein, Edward Loper},
  title        = {NLTK 3.2.5 documentation: Twitter HOWTO},
  howpublished = {Web Site},
  note         = {Last accessed on 11/05/2017},
  url          = {http://www.nltk.org/howto/twitter.html},
}

@Article{olsen2014,
  author    = {Olsen, Lars Rann and Campos, Benito and Barnkob, Mike
  Stein and Winther, Ole and Brusic, Vladimir and Andersen, Mads Hald},
  title     = {Bioinformatics for cancer immunotherapy target discovery},
  journal   = {Cancer Immunology, Immunotherapy},
  year      = {2014},
  volume    = {63},
  number    = {12},
  pages     = {1235-1249},
  month     = {Oct},
  doi       = {10.1007/s00262-014-1627-7},
  publisher = {Springer Nature},
  url       = {http://dx.doi.org/10.1007/s00262-014-1627-7},
}

@Misc{twitterU46,
  author       = {Python Code Search Engine},
  title        = {Twitter User Data},
  howpublished = {Web Site},
  url          = {http://pythonexample.com/code/twitter\%20user\%20data/},
}

@Misc{python37,
  author       = {200 success},
  title        = {python - Printing out JSON data from Twitter as a CSV},
  howpublished = {Web Site},
  month        = mar,
  year         = {2014},
  url          =
  {https://codereview.stackexchange.com/questions/
  44349/printing-out-json-data-from-twitter-as-a-c
  sv},
}

@Misc{twitter_analysis,
  author       = {Nikhil Kumar},
  title        = {Twitter Sentiment Analysis using
  Python - GeeksforGeeks},
  howpublished = {Web Site},
  url          = {http://www.geeksforgeeks.org/twitter-sentiment-
  analysis-using-python},
}

@Misc{phunter2016,
  author  = {phunter},
  title   = {xgboost with GridSearchCV},
  year    = {2016},
  howpublished = {Web Site},
  url     = {https://www.kaggle.com/phunter/xgboos
  t-with-gridsearchcv},
}

@InProceedings{chen2016,
  author    = {Tianqi Chen and Carlos Guestrin},
  title     = {XGBoost: A Scalable Tree Boosting
  System},
  booktitle = {Proceedings of the 22nd ACM
  SIGKDD International Conference on Knowledge
  Discovery and Data Mining - KDD '16},
  year      = {2016},
  publisher = {ACM Press},
  doi       = {10.1145/2939672.2939785},
  url       = {https://doi.org/10.1145/2939672.2939785},
}

@Article{baba2016,
  author    = {Ismail Babajide Mustapha and Faisal
  Saeed},
  title     = {Bioactive Molecule Prediction Using
  Extreme Gradient Boosting},
  journal   = {Molecules},
  year      = {2016},
  volume    = {21},
  number    = {12},
  pages     = {983},
  month     = {jul},
  doi       = {10.3390/molecules21080983},
  publisher = {MDPI AG},
  url       = {https://doi.org/10.3390/molecules21080983},
}

@Misc{cranfill2017,
  author      = {Cranfill, Ryan},
  title       = {Building a Sentiment Analysis
  Pipeline in scikit-learn Part 1: Introduction
  and Requirements},
  year        = {2017},
  howpublished = {Web Site},
  url         = {https://ryan-cranfill.github.io/sentiment-pipel
  ine-sklearn-1/},
}

@Misc{ianbroad2014,
  author  = {ianbroad},
  title   = {Converting Twitter tweets into points?},
  month   = {Oct},
  year    = {2014},
  howpublished = {Web Site},
  url     = {https://gis.stackexchange.com/questi
  ons/119923/converting-twitter-tweets-into-point
  s/119939},
}

@Misc{kaggle2017,
  author       = {Peter Nagy},
  title        = {Python NLTK sentiment analysis},
  howpublished = {Web Site},
  month        = feb,
  year         = {2017},
  url          = {https://www.kaggle.com/ngyptr/python-nltk-sent
  iment-analysis?scriptVersionId=904608},
}

@Book{ojeda2014,
  title     = {Practical data science cookbook},
  publisher = {Packt Publishing},
  year      = {2014},
  author    = {Ojeda, Tony},
  place     = {Birmingham, AL},
}

@Book{sweigart2015,
  title     = {Automate the boring stuff with Python: practical programming for total beginners},
  publisher = {No Starch Press},
  year      = {2015},
  author    = {Sweigart, Al},
  place     = {San Francisco, CA},
}

@Book{bird2016,
  title     = {Natural language processing with python},
  publisher = {OReilly Media},
  year      = {2016},
  author    = {Bird, Steven},
  place     = {Place of publication not identified},
}

@Book{raschka2016,
  title     = {Python machine learning: unlock deeper insights into machine learning with this vital guide to cutting-edge predictive analytics},
  publisher = {Packt Publishing},
  year      = {2016},
  author    = {Raschka, Sebastian and Olson, Randal S.},
  place     = {Birmingham, AL},
}

@Misc{ads_algorithms,
  author   = {JT Wolohan},
  title    = {Module 9 - Algorithms},
  year     = {2017},
  note = {This is an mp4 file from the School
  of Informatics and Computing, Indiana University
  at Bloomington Fall 2017 Applied Data Science
  course},
}

@Misc{python-csv,
  author = {mirosval},
  title  = {csv: writer.writerows() splitting my string inputs},
  month  = {Dec},
  year   = {2015},
  howpublished = {Web Site},
  url    = {https://stackoverflow.com/questions/3
  4285154/csv-writer-writerows-splitting-my-strin
  g-inputs},
}

@Misc{romero2016,
  author  = {Romero, Brett},
  title   = {Data Science: A Kaggle Walkthrough - Cleaning Data},
  month   = {Mar},
  year    = {2016},
  howpublished = {Web Site},
  url     = {http://brettromero.com/data-science-
  kaggle-walkthrough-cleaning-data/},
}

@InProceedings{yu2016,
  author    = {KUN-HSING YU and STEVEN N. HART and
  RACHEL GOLDFEDER and QIANGFENG CLIFF ZHANG and
  STEPHEN C. J. PARKER and MICHAEL SNYDER},
  title     = {HARNESSING BIG DATA FOR
  PRECISION MEDICINE: INFRASTRUCTURES AND
  APPLICATIONS},
  booktitle = {Biocomputing 2017},
  year      = {2016},
  month     = {nov},
  publisher = {WORLD SCIENTIFIC},
  doi       = {10.1142/9789813207813_0058},
  url       = {https://doi.org/10.1142/9789813207813_0058},
}

@Article{kaya2017, 
title={Extracting Relations Between Symptoms by Age-Frame Based Link Prediction},
DOI={10.1007/978-3-319-51049-1_4}, 
journal={Lecture Notes in Social Networks Prediction and Inference from Social Networks and Social Media}, 
author={Kaya, Buket and Poyraz, Mustafa}, 
year={2017},
pages={85â€“95},
}

@Misc{hopkins2017, 
title={Immunotherapy: Precision Medicine in Action}, url={https://www.hopkinsmedicine.org/inhealth/policy-briefs/
immunotherapy-precision-medicine-action-policy-brief.html}, 
howpublished={Web Site},
year={2017}, 
month={Nov},
}

@Misc{clay2013, 
title={Data mining Twitter for sentiments about the new consoles}, 
url={https://forum.quartertothree.com/t/data-mining-twitter-for-sentiments-
about-the-new-consoles/73751/2}, 
howpublished={Web Site}, 
author={Clay}, 
year={2013}, 
month={Nov},
} 

@Misc{brownlee_2016, 
title={Machine Learning Algorithm Recipes in scikit-learn},
url={https://machinelearningmastery.com/get-your-hands-dirty-with-scikit-learn-now/}, 
howpublished={Web Site},
author={Brownlee, Jason}, 
year={2016}, 
month={Sep},
} 

@Misc{jain2016, 
title={Complete Guide to Parameter Tuning in XGBoost (with codes
in Python)}, 
howpublished = {Web Site},
url={https://www.analyticsvidhya.com/blog/2016/03/complete-guide-p
arameter-tuning-xgboost-with-codes-python/}, 
author={Jain, Aarshay and Dar, Pranav and Srivastava, Pranjal},
year={2016}, 
month={Aug},
}

@Misc{jain2018, 
title={Natural Language Processing for Beginners: Using TextBlob}, url={https://www.analyticsvidhya.com/blog/2018/02/natural-language-
processing-for-beginners-using-textblob/}, 
howpublished={Web Site}, 
author={Jain, Shubham and Srivastava, Tavish and Dar, Pranav and Singh, 
Aishwarya and Shaikh, Faizan}, 
year={2018}, 
month={Feb}
}
